@INPROCEEDINGS{Pepe2010,
       author = {{Pepe}, Francesco A. and others},
        title = "{ESPRESSO: the Echelle spectrograph for rocky exoplanets and stable spectroscopic observations}",
    booktitle = {Ground-based and Airborne Instrumentation for Astronomy III},
         year = "2010",
       series = {Society of Photo-Optical Instrumentation Engineers (SPIE) Conference Series},
       volume = {7735},
        month = "Jul",
          eid = {77350F},
        pages = {77350F},
          doi = {10.1117/12.857122},
       adsurl = {https://ui.adsabs.harvard.edu/abs/2010SPIE.7735E..0FP},
      adsnote = {Provided by the SAO/NASA Astrophysics Data System}
}

@INPROCEEDINGS{Jurgenson2016,
       author = {{Jurgenson}, C. and {Fischer}, D. and {McCracken}, T. and {Sawyer}, D. and
         {Szymkowiak}, A. and {Davis}, A. and {Muller}, G. and {Santoro}, F.},
        title = "{EXPRES: a next generation RV spectrograph in the search for earth-like worlds}",
     keywords = {Astrophysics - Instrumentation and Methods for Astrophysics},
    booktitle = {Ground-based and Airborne Instrumentation for Astronomy VI},
         year = "2016",
       series = {Society of Photo-Optical Instrumentation Engineers (SPIE) Conference Series},
       volume = {9908},
        month = "Aug",
          eid = {99086T},
        pages = {99086T},
          doi = {10.1117/12.2233002},
archivePrefix = {arXiv},
       eprint = {1606.04413},
 primaryClass = {astro-ph.IM},
       adsurl = {https://ui.adsabs.harvard.edu/abs/2016SPIE.9908E..6TJ},
      adsnote = {Provided by the SAO/NASA Astrophysics Data System}
}

@INPROCEEDINGS{espresso-eprv4,
title= "{ESPRESSO}",
author = {{Pepe}, Francesco A.},
year = {2019},
booktitle = {Extreme Precision Radial Velocities IV conference},
series = {https://indico.cern.ch/event/743355/contributions/3320596/},
}

@INPROCEEDINGS{expres-eprv4,
title= "{EXPRES}",
author = {{Zhao}, Lily},
year = {2019},
booktitle = {Extreme Precision Radial Velocities IV conference},
series = {https://indico.cern.ch/event/743355/contributions/3320599/},
}

@ARTICLE{Bedell2019,
       author = {{Bedell}, Megan and {Hogg}, David W. and {Foreman-Mackey}, Daniel and {Montet}, Benjamin T. and {Luger}, Rodrigo},
        title = "{WOBBLE: A Data-driven Analysis Technique for Time-series Stellar Spectra}",
      journal = {\aj},
     keywords = {atmospheric effects, methods: data analysis, planets and satellites: detection, stars: individual: 51 Pegasi, Barnard's Star, HD 189733, techniques: radial velocities, Astrophysics - Instrumentation and Methods for Astrophysics, Astrophysics - Earth and Planetary Astrophysics, Astrophysics - Solar and Stellar Astrophysics},
         year = 2019,
        month = oct,
       volume = {158},
       number = {4},
          eid = {164},
        pages = {164},
          doi = {10.3847/1538-3881/ab40a7},
archivePrefix = {arXiv},
       eprint = {1901.00503},
 primaryClass = {astro-ph.IM},
       adsurl = {https://ui.adsabs.harvard.edu/abs/2019AJ....158..164B},
      adsnote = {Provided by the SAO/NASA Astrophysics Data System}
}

@ARTICLE{Bedell2014,
       author = {{Bedell}, Megan and {Mel{\'e}ndez}, Jorge and {Bean}, Jacob L. and
         {Ram{\'\i}rez}, Ivan and {Leite}, Paulo and {Asplund}, Martin},
        title = "{Stellar Chemical Abundances: In Pursuit of the Highest Achievable Precision}",
      journal = {\apj},
     keywords = {stars: abundances, stars: fundamental parameters, techniques: spectroscopic, Astrophysics - Solar and Stellar Astrophysics, Astrophysics - Earth and Planetary Astrophysics},
         year = "2014",
        month = "Nov",
       volume = {795},
       number = {1},
          eid = {23},
        pages = {23},
          doi = {10.1088/0004-637X/795/1/23},
archivePrefix = {arXiv},
       eprint = {1409.1230},
 primaryClass = {astro-ph.SR},
       adsurl = {https://ui.adsabs.harvard.edu/abs/2014ApJ...795...23B},
      adsnote = {Provided by the SAO/NASA Astrophysics Data System}
}

@ARTICLE{Bedell2018,
       author = {{Bedell}, Megan and others},
        title = "{The Chemical Homogeneity of Sun-like Stars in the Solar Neighborhood}",
      journal = {\apj},
     keywords = {planets and satellites: general, stars: abundances, stars: solar-type, Sun: abundances, techniques: spectroscopic, Astrophysics - Solar and Stellar Astrophysics, Astrophysics - Earth and Planetary Astrophysics},
         year = "2018",
        month = "Sep",
       volume = {865},
       number = {1},
          eid = {68},
        pages = {68},
          doi = {10.3847/1538-4357/aad908},
archivePrefix = {arXiv},
       eprint = {1802.02576},
 primaryClass = {astro-ph.SR},
       adsurl = {https://ui.adsabs.harvard.edu/abs/2018ApJ...865...68B},
      adsnote = {Provided by the SAO/NASA Astrophysics Data System}
}

@ARTICLE{Plavchan2018,
       author = {{Plavchan}, Peter and others},
        title = "{EarthFinder: A Precise Radial Velocity Probe Mission Concept For the Detection of Earth-Mass Planets Orbiting Sun-like Stars}",
      journal = {arXiv e-prints},
     keywords = {Astrophysics - Instrumentation and Methods for Astrophysics, Astrophysics - Earth and Planetary Astrophysics, Astrophysics - Solar and Stellar Astrophysics},
         year = "2018",
        month = "Mar",
          eid = {arXiv:1803.03960},
        pages = {arXiv:1803.03960},
archivePrefix = {arXiv},
       eprint = {1803.03960},
 primaryClass = {astro-ph.IM},
       adsurl = {https://ui.adsabs.harvard.edu/abs/2018arXiv180303960P},
      adsnote = {Provided by the SAO/NASA Astrophysics Data System}
}

@ARTICLE{Chaplin2019,
       author = {{Chaplin}, W.~J. and {Cegla}, H.~M. and {Watson}, C.~A. and
         {Davies}, G.~R. and {Ball}, W.~H.},
        title = "{Filtering Solar-Like Oscillations for Exoplanet Detection in Radial Velocity Observations}",
      journal = {\aj},
     keywords = {planets and satellites: detection, stars: low-mass, stars: oscillations, Astrophysics - Solar and Stellar Astrophysics, Astrophysics - Earth and Planetary Astrophysics},
         year = "2019",
        month = "Apr",
       volume = {157},
       number = {4},
          eid = {163},
        pages = {163},
          doi = {10.3847/1538-3881/ab0c01},
archivePrefix = {arXiv},
       eprint = {1903.00657},
 primaryClass = {astro-ph.SR},
       adsurl = {https://ui.adsabs.harvard.edu/abs/2019AJ....157..163C},
      adsnote = {Provided by the SAO/NASA Astrophysics Data System}
}

@ARTICLE{Medina2018,
       author = {{Medina}, A.~A. and {Johnson}, J.~A. and {Eastman}, J.~D. and
         {Cargile}, P.~A.},
        title = "{Techniques for Finding Close-in, Low-mass Planets around Evolved Intermediate-mass Stars}",
      journal = {\apj},
     keywords = {asteroseismology, stars: individual: {\ensuremath{\gamma}} Cep, techniques: radial velocities, Astrophysics - Solar and Stellar Astrophysics, Astrophysics - Earth and Planetary Astrophysics},
         year = "2018",
        month = "Nov",
       volume = {867},
       number = {1},
          eid = {32},
        pages = {32},
          doi = {10.3847/1538-4357/aadf82},
archivePrefix = {arXiv},
       eprint = {1811.02077},
 primaryClass = {astro-ph.SR},
       adsurl = {https://ui.adsabs.harvard.edu/abs/2018ApJ...867...32M},
      adsnote = {Provided by the SAO/NASA Astrophysics Data System}
}

@ARTICLE{Bouchy2003,
       author = {{Bouchy}, Fran{\c{c}}ois and {Carrier}, Fabien},
        title = "{Present Observational Status of Solar-type stars}",
      journal = {\aaps},
         year = "2003",
        month = "Jan",
       volume = {284},
       number = {1},
        pages = {21-28},
       adsurl = {https://ui.adsabs.harvard.edu/abs/2003Ap&SS.284...21B},
      adsnote = {Provided by the SAO/NASA Astrophysics Data System}
}

@ARTICLE{Butler1996,
       author = {{Butler}, R.~P. and {Marcy}, G.~W. and {Williams}, E. and
         {McCarthy}, C. and {Dosanjh}, P. and {Vogt}, S.~S.},
        title = "{Attaining Doppler Precision of 3 m\,s-1}",
      journal = {\pasp},
     keywords = {TECHNIQUES: SPECTROSCOPIC},
         year = "1996",
        month = "Jun",
       volume = {108},
        pages = {500},
          doi = {10.1086/133755},
       adsurl = {https://ui.adsabs.harvard.edu/abs/1996PASP..108..500B},
      adsnote = {Provided by the SAO/NASA Astrophysics Data System}
}

@ARTICLE{Bouchy2001,
       author = {{Bouchy}, F. and {Pepe}, F. and {Queloz}, D.},
        title = "{Fundamental photon noise limit to radial velocity measurements}",
      journal = {\aap},
     keywords = {TECHNIQUES: RADIAL VELOCITIES, INSTRUMENTATION: SPECTROGRAPHS, STARS: OSCILLATIONS, STARS: PLANETARY SYSTEMS},
         year = "2001",
        month = "Aug",
       volume = {374},
        pages = {733-739},
          doi = {10.1051/0004-6361:20010730},
       adsurl = {https://ui.adsabs.harvard.edu/abs/2001A&A...374..733B},
      adsnote = {Provided by the SAO/NASA Astrophysics Data System}
}

@ARTICLE{Mohammed,
       author = {{Mohammed}, Steven and {Schiminovich}, David and {Hawkins}, Keith and
         {Johnson}, Benjamin and {Wang}, Dun and {Hogg}, David W.},
        title = "{An Ultraviolet-Optical Color-Metallicity Relation for Red Clump Stars Using GALEX and Gaia}",
      journal = {\apj},
     keywords = {catalogs, Galaxy: general, stars: evolution, ultraviolet: stars, Astrophysics - Solar and Stellar Astrophysics, Astrophysics - Astrophysics of Galaxies},
         year = "2019",
        month = "Feb",
       volume = {872},
       number = {1},
          eid = {95},
        pages = {95},
          doi = {10.3847/1538-4357/aaf236},
archivePrefix = {arXiv},
       eprint = {1805.03236},
 primaryClass = {astro-ph.SR},
       adsurl = {https://ui.adsabs.harvard.edu/abs/2019ApJ...872...95M},
      adsnote = {Provided by the SAO/NASA Astrophysics Data System}
}

@ARTICLE{CPMdiff,
       author = {{Wang}, Dun and {Hogg}, David W. and {Foreman-Mackey}, Daniel and
         {Sch{\"o}lkopf}, Bernhard},
        title = "{A pixel-level model for event discovery in time-domain imaging}",
      journal = {arXiv e-prints},
     keywords = {Astrophysics - Instrumentation and Methods for Astrophysics},
         year = "2017",
        month = "Oct",
          eid = {arXiv:1710.02428},
        pages = {arXiv:1710.02428},
archivePrefix = {arXiv},
       eprint = {1710.02428},
 primaryClass = {astro-ph.IM},
       adsurl = {https://ui.adsabs.harvard.edu/abs/2017arXiv171002428W},
      adsnote = {Provided by the SAO/NASA Astrophysics Data System}
}

@ARTICLE{K2C9,
       author = {{Henderson}, Calen B. and others},
        title = "{Campaign 9 of the K2 Mission: Observational Parameters, Scientific Drivers, and Community Involvement for a Simultaneous Space- and Ground-based Microlensing Survey}",
      journal = {\pasp},
     keywords = {Astrophysics - Earth and Planetary Astrophysics},
         year = "2016",
        month = "Dec",
       volume = {128},
       number = {970},
        pages = {124401},
          doi = {10.1088/1538-3873/128/970/124401},
archivePrefix = {arXiv},
       eprint = {1512.09142},
 primaryClass = {astro-ph.EP},
       adsurl = {https://ui.adsabs.harvard.edu/abs/2016PASP..128l4401H},
      adsnote = {Provided by the SAO/NASA Astrophysics Data System}
}

@ARTICLE{CPM,
       author = {{Wang}, Dun and {Hogg}, David W. and {Foreman-Mackey}, Daniel and
         {Sch{\"o}lkopf}, Bernhard},
        title = "{A Causal, Data-driven Approach to Modeling the Kepler Data}",
      journal = {\pasp},
     keywords = {Astrophysics - Earth and Planetary Astrophysics, Astrophysics - Instrumentation and Methods for Astrophysics},
         year = "2016",
        month = "Sep",
       volume = {128},
       number = {967},
        pages = {094503},
          doi = {10.1088/1538-3873/128/967/094503},
archivePrefix = {arXiv},
       eprint = {1508.01853},
 primaryClass = {astro-ph.EP},
       adsurl = {https://ui.adsabs.harvard.edu/abs/2016PASP..128i4503W},
      adsnote = {Provided by the SAO/NASA Astrophysics Data System}
}

@ARTICLE{myers,
       author = {{Hogg}, David W. and {Myers}, Adam D. and {Bovy}, Jo},
        title = "{Inferring the Eccentricity Distribution}",
      journal = {\apj},
     keywords = {binaries: general, methods: data analysis, methods: statistical, planetary systems, planets and satellites: fundamental parameters, stars: kinematics and dynamics, Astrophysics - Solar and Stellar Astrophysics, Astrophysics - Earth and Planetary Astrophysics, Astrophysics - Instrumentation and Methods for Astrophysics, Physics - Data Analysis, Statistics and Probability},
         year = 2010,
        month = dec,
       volume = {725},
       number = {2},
        pages = {2166-2175},
          doi = {10.1088/0004-637X/725/2/2166},
archivePrefix = {arXiv},
       eprint = {1008.4146},
 primaryClass = {astro-ph.SR},
       adsurl = {https://ui.adsabs.harvard.edu/abs/2010ApJ...725.2166H},
      adsnote = {Provided by the SAO/NASA Astrophysics Data System}
}

@ARTICLE{exopop,
       author = {{Foreman-Mackey}, Daniel and {Hogg}, David W. and {Morton}, Timothy D.},
        title = "{Exoplanet Population Inference and the Abundance of Earth Analogs from Noisy, Incomplete Catalogs}",
      journal = {\apj},
     keywords = {catalogs, methods: data analysis, methods: statistical, planetary systems, stars: statistics, Astrophysics - Earth and Planetary Astrophysics, Astrophysics - Instrumentation and Methods for Astrophysics},
         year = 2014,
        month = nov,
       volume = {795},
       number = {1},
          eid = {64},
        pages = {64},
          doi = {10.1088/0004-637X/795/1/64},
archivePrefix = {arXiv},
       eprint = {1406.3020},
 primaryClass = {astro-ph.EP},
       adsurl = {https://ui.adsabs.harvard.edu/abs/2014ApJ...795...64F},
      adsnote = {Provided by the SAO/NASA Astrophysics Data System}
}

@ARTICLE{astropy,
       author = {{Astropy Collaboration} and {Price-Whelan}, A.~M. and others},
        title = "{The Astropy Project: Building an Open-science Project and Status of the v2.0 Core Package}",
      journal = {\aj},
     keywords = {methods: data analysis, methods: miscellaneous, methods: statistical, reference systems, Astrophysics - Instrumentation and Methods for Astrophysics},
         year = 2018,
        month = sep,
       volume = {156},
       number = {3},
          eid = {123},
        pages = {123},
          doi = {10.3847/1538-3881/aabc4f},
archivePrefix = {arXiv},
       eprint = {1801.02634},
 primaryClass = {astro-ph.IM},
       adsurl = {https://ui.adsabs.harvard.edu/abs/2018AJ....156..123A},
      adsnote = {Provided by the SAO/NASA Astrophysics Data System}
}

@ARTICLE{soap,
       author = {{Dumusque}, X. and {Boisse}, I. and {Santos}, N.~C.},
        title = "{SOAP 2.0: A Tool to Estimate the Photometric and Radial Velocity Variations Induced by Stellar Spots and Plages}",
      journal = {\apj},
     keywords = {planetary systems, stars: activity, stars: individual: alpha Cen B, stars: individual: HD 189733, techniques: radial velocities, Astrophysics - Solar and Stellar Astrophysics, Astrophysics - Earth and Planetary Astrophysics},
         year = 2014,
        month = dec,
       volume = {796},
       number = {2},
          eid = {132},
        pages = {132},
          doi = {10.1088/0004-637X/796/2/132},
archivePrefix = {arXiv},
       eprint = {1409.3594},
 primaryClass = {astro-ph.SR},
       adsurl = {https://ui.adsabs.harvard.edu/abs/2014ApJ...796..132D},
      adsnote = {Provided by the SAO/NASA Astrophysics Data System}
}

@ARTICLE{phoenix,
       author = {{Husser}, T. -O. and {Wende-von Berg}, S. and {Dreizler}, S. and {Homeier}, D. and {Reiners}, A. and {Barman}, T. and {Hauschildt}, P.~H.},
        title = "{A new extensive library of PHOENIX stellar atmospheres and synthetic spectra}",
      journal = {\aap},
     keywords = {stars: atmospheres, convection, stars: late-type, Astrophysics - Solar and Stellar Astrophysics},
         year = 2013,
        month = may,
       volume = {553},
          eid = {A6},
        pages = {A6},
          doi = {10.1051/0004-6361/201219058},
archivePrefix = {arXiv},
       eprint = {1303.5632},
 primaryClass = {astro-ph.SR},
       adsurl = {https://ui.adsabs.harvard.edu/abs/2013A&A...553A...6H},
      adsnote = {Provided by the SAO/NASA Astrophysics Data System}
}

@ARTICLE{keplersingles,
       author = {{Foreman-Mackey}, Daniel and {Morton}, Timothy D. and {Hogg}, David W. and {Agol}, Eric and {Sch{\"o}lkopf}, Bernhard},
        title = "{The Population of Long-period Transiting Exoplanets}",
      journal = {\aj},
     keywords = {catalogs, methods: data analysis, methods: statistical, planetary systems, stars: statistics, Astrophysics - Earth and Planetary Astrophysics, Astrophysics - Instrumentation and Methods for Astrophysics},
         year = 2016,
        month = dec,
       volume = {152},
       number = {6},
          eid = {206},
        pages = {206},
          doi = {10.3847/0004-6256/152/6/206},
archivePrefix = {arXiv},
       eprint = {1607.08237},
 primaryClass = {astro-ph.EP},
       adsurl = {https://ui.adsabs.harvard.edu/abs/2016AJ....152..206F},
      adsnote = {Provided by the SAO/NASA Astrophysics Data System}
}

@ARTICLE{Cannon,
       author = {{Ness}, M. and {Hogg}, David W. and {Rix}, H. -W. and {Ho}, Anna. Y.~Q. and {Zasowski}, G.},
        title = "{The Cannon: A data-driven approach to Stellar Label Determination}",
      journal = {\apj},
     keywords = {methods: data analysis, methods: statistical, stars: abundances, stars: fundamental parameters, surveys, techniques: spectroscopic, Astrophysics - Solar and Stellar Astrophysics, Astrophysics - Astrophysics of Galaxies, Astrophysics - Instrumentation and Methods for Astrophysics},
         year = 2015,
        month = jul,
       volume = {808},
       number = {1},
          eid = {16},
        pages = {16},
          doi = {10.1088/0004-637X/808/1/16},
archivePrefix = {arXiv},
       eprint = {1501.07604},
 primaryClass = {astro-ph.SR},
       adsurl = {https://ui.adsabs.harvard.edu/abs/2015ApJ...808...16N},
      adsnote = {Provided by the SAO/NASA Astrophysics Data System}
}

@ARTICLE{joker,
       author = {{Price-Whelan}, Adrian M. and {Hogg}, David W. and {Foreman-Mackey}, Daniel and {Rix}, Hans-Walter},
        title = "{The Joker: A Custom Monte Carlo Sampler for Binary-star and Exoplanet Radial Velocity Data}",
      journal = {\apj},
     keywords = {binaries: spectroscopic, methods: data analysis, methods: statistical, planets and satellites: fundamental parameters, surveys, techniques: radial velocities, Astrophysics - Solar and Stellar Astrophysics, Astrophysics - Earth and Planetary Astrophysics},
         year = 2017,
        month = mar,
       volume = {837},
       number = {1},
          eid = {20},
        pages = {20},
          doi = {10.3847/1538-4357/aa5e50},
archivePrefix = {arXiv},
       eprint = {1610.07602},
 primaryClass = {astro-ph.SR},
       adsurl = {https://ui.adsabs.harvard.edu/abs/2017ApJ...837...20P},
      adsnote = {Provided by the SAO/NASA Astrophysics Data System}
}

@ARTICLE{DFMK2,
       author = {{Foreman-Mackey}, Daniel and {Montet}, Benjamin T. and {Hogg}, David W. and
         {Morton}, Timothy D. and {Wang}, Dun and {Sch{\"o}lkopf}, Bernhard},
        title = "{A Systematic Search for Transiting Planets in the K2 Data}",
      journal = {\apj},
     keywords = {catalogs, methods: data analysis, methods: statistical, planetary systems, stars: statistics, Astrophysics - Earth and Planetary Astrophysics, Astrophysics - Instrumentation and Methods for Astrophysics},
         year = "2015",
        month = "Jun",
       volume = {806},
       number = {2},
          eid = {215},
        pages = {215},
          doi = {10.1088/0004-637X/806/2/215},
archivePrefix = {arXiv},
       eprint = {1502.04715},
 primaryClass = {astro-ph.EP},
       adsurl = {https://ui.adsabs.harvard.edu/abs/2015ApJ...806..215F},
      adsnote = {Provided by the SAO/NASA Astrophysics Data System}
}

@ARTICLE{Anderson,
       author = {{Anderson}, Lauren and {Hogg}, David W. and {Leistedt}, Boris and
         {Price-Whelan}, Adrian M. and {Bovy}, Jo},
        title = "{Improving Gaia Parallax Precision with a Data-driven Model of Stars}",
      journal = {\aj},
     keywords = {catalogs, Hertzsprung─Russell and C─M diagrams, methods: statistical, parallaxes, Astrophysics - Astrophysics of Galaxies},
         year = "2018",
        month = "Oct",
       volume = {156},
       number = {4},
          eid = {145},
        pages = {145},
          doi = {10.3847/1538-3881/aad7bf},
archivePrefix = {arXiv},
       eprint = {1706.05055},
 primaryClass = {astro-ph.GA},
       adsurl = {https://ui.adsabs.harvard.edu/abs/2018AJ....156..145A},
      adsnote = {Provided by the SAO/NASA Astrophysics Data System}
}

@ARTICLE{MCMC,
       author = {{Hogg}, David W. and {Foreman-Mackey}, Daniel},
        title = "{Data Analysis Recipes: Using Markov Chain Monte Carlo}",
      journal = {\apjs},
     keywords = {methods: data analysis, methods: numerical, methods: statistical, Astrophysics - Instrumentation and Methods for Astrophysics, Physics - Data Analysis, Statistics and Probability, Statistics - Computation},
         year = "2018",
        month = "May",
       volume = {236},
       number = {1},
          eid = {11},
        pages = {11},
          doi = {10.3847/1538-4365/aab76e},
archivePrefix = {arXiv},
       eprint = {1710.06068},
 primaryClass = {astro-ph.IM},
       adsurl = {https://ui.adsabs.harvard.edu/abs/2018ApJS..236...11H},
      adsnote = {Provided by the SAO/NASA Astrophysics Data System}
}

@ARTICLE{hoggpt,
       author = {{Hogg}, David W. and {Finkbeiner}, Douglas P. and {Schlegel}, David J. and {Gunn}, James E.},
        title = "{A Photometricity and Extinction Monitor at the Apache Point Observatory}",
      journal = {\aj},
     keywords = {Astrometry, Methods: Data Analysis, Methods: Observational, Surveys, Techniques: Image Processing, Techniques: Photometric, Astrophysics},
         year = 2001,
        month = oct,
       volume = {122},
       number = {4},
        pages = {2129-2138},
          doi = {10.1086/323103},
archivePrefix = {arXiv},
       eprint = {astro-ph/0106511},
 primaryClass = {astro-ph},
       adsurl = {https://ui.adsabs.harvard.edu/abs/2001AJ....122.2129H},
      adsnote = {Provided by the SAO/NASA Astrophysics Data System}
}

@ARTICLE{an,
       author = {{Lang}, Dustin and {Hogg}, David W. and {Mierle}, Keir and {Blanton}, Michael and {Roweis}, Sam},
        title = "{Astrometry.net: Blind Astrometric Calibration of Arbitrary Astronomical Images}",
      journal = {\aj},
     keywords = {astrometry, catalogs, instrumentation: miscellaneous, methods: data analysis, methods: statistical, techniques: image processing, Astrophysics - Instrumentation and Methods for Astrophysics},
         year = 2010,
        month = may,
       volume = {139},
       number = {5},
        pages = {1782-1800},
          doi = {10.1088/0004-6256/139/5/1782},
archivePrefix = {arXiv},
       eprint = {0910.2233},
 primaryClass = {astro-ph.IM},
       adsurl = {https://ui.adsabs.harvard.edu/abs/2010AJ....139.1782L},
      adsnote = {Provided by the SAO/NASA Astrophysics Data System}
}

@ARTICLE{starry,
       author = {{Luger}, Rodrigo and {Foreman-Mackey}, Daniel and {Hedges}, Christina and {Hogg}, David W.},
        title = "{Mapping Stellar Surfaces. I. Degeneracies in the Rotational Light-curve Problem}",
      journal = {\aj},
     keywords = {Time series analysis, Light curves, Stellar surfaces, Starspots, 1916, 918, 1632, 1572, Astrophysics - Solar and Stellar Astrophysics, Astrophysics - Instrumentation and Methods for Astrophysics},
         year = 2021,
        month = sep,
       volume = {162},
       number = {3},
          eid = {123},
        pages = {123},
          doi = {10.3847/1538-3881/abfdb8},
archivePrefix = {arXiv},
       eprint = {2102.00007},
 primaryClass = {astro-ph.SR},
       adsurl = {https://ui.adsabs.harvard.edu/abs/2021AJ....162..123L},
      adsnote = {Provided by the SAO/NASA Astrophysics Data System}
}

@ARTICLE{Cannon2,
       author = {{Casey}, Andrew R. and {Hogg}, David W. and {Ness}, Melissa and
         {Rix}, Hans-Walter and {Ho}, Anna Q Y and {Gilmore}, Gerry},
        title = "{The Cannon 2: A data-driven model of stellar spectra for detailed chemical abundance analyses}",
      journal = {arXiv e-prints},
     keywords = {Astrophysics - Solar and Stellar Astrophysics},
         year = "2016",
        month = "Mar",
          eid = {arXiv:1603.03040},
        pages = {arXiv:1603.03040},
archivePrefix = {arXiv},
       eprint = {1603.03040},
 primaryClass = {astro-ph.SR},
       adsurl = {https://ui.adsabs.harvard.edu/abs/2016arXiv160303040C},
      adsnote = {Provided by the SAO/NASA Astrophysics Data System}
}

@ARTICLE{Doppel,
       author = {{Ness}, M. and others},
        title = "{Galactic Doppelg{\"a}ngers: The Chemical Similarity Among Field Stars and Among Stars with a Common Birth Origin}",
      journal = {\apj},
     keywords = {Galaxy: abundances, Galaxy: disk, Galaxy: formation, methods: statistical, open clusters and associations: individual: abundances, stars: abundances, Astrophysics - Solar and Stellar Astrophysics, Astrophysics - Astrophysics of Galaxies},
         year = "2018",
        month = "Feb",
       volume = {853},
       number = {2},
          eid = {198},
        pages = {198},
          doi = {10.3847/1538-4357/aa9d8e},
archivePrefix = {arXiv},
       eprint = {1701.07829},
 primaryClass = {astro-ph.SR},
       adsurl = {https://ui.adsabs.harvard.edu/abs/2018ApJ...853..198N},
      adsnote = {Provided by the SAO/NASA Astrophysics Data System}
}

@ARTICLE{Widmark,
       author = {{Widmark}, Axel and {Leistedt}, Boris and {Hogg}, David W.},
        title = "{Inferring Binary and Trinary Stellar Populations in Photometric and Astrometric Surveys}",
      journal = {\apj},
     keywords = {astrometry, binaries: general, stars: statistics, Astrophysics - Solar and Stellar Astrophysics, Astrophysics - Astrophysics of Galaxies},
         year = "2018",
        month = "Apr",
       volume = {857},
       number = {2},
          eid = {114},
        pages = {114},
          doi = {10.3847/1538-4357/aab7ee},
archivePrefix = {arXiv},
       eprint = {1801.08547},
 primaryClass = {astro-ph.SR},
       adsurl = {https://ui.adsabs.harvard.edu/abs/2018ApJ...857..114W},
      adsnote = {Provided by the SAO/NASA Astrophysics Data System}
}

@ARTICLE{Leistedt,
       author = {{Leistedt}, Boris and {Hogg}, David W.},
        title = "{Hierarchical Probabilistic Inference of the Color-Magnitude Diagram and Shrinkage of Stellar Distance Uncertainties}",
      journal = {\aj},
     keywords = {Hertzsprung─Russell and C─M diagrams, methods: statistical, stars: distances, Astrophysics - Solar and Stellar Astrophysics, Astrophysics - Astrophysics of Galaxies, Astrophysics - Instrumentation and Methods for Astrophysics},
         year = "2017",
        month = "Dec",
       volume = {154},
       number = {6},
          eid = {222},
        pages = {222},
          doi = {10.3847/1538-3881/aa91d5},
archivePrefix = {arXiv},
       eprint = {1703.08112},
 primaryClass = {astro-ph.SR},
       adsurl = {https://ui.adsabs.harvard.edu/abs/2017AJ....154..222L},
      adsnote = {Provided by the SAO/NASA Astrophysics Data System}
}

@ARTICLE{Gully,
       author = {{Gully-Santiago}, Michael A. and others},
        title = "{Placing the Spotted T Tauri Star LkCa 4 on an HR Diagram}",
      journal = {\apj},
     keywords = {stars: fundamental parameters, stars: individual: LkCa 4, stars: low-mass, stars: statistics, Astrophysics - Solar and Stellar Astrophysics, Astrophysics - Instrumentation and Methods for Astrophysics},
         year = "2017",
        month = "Feb",
       volume = {836},
       number = {2},
          eid = {200},
        pages = {200},
          doi = {10.3847/1538-4357/836/2/200},
archivePrefix = {arXiv},
       eprint = {1701.06703},
 primaryClass = {astro-ph.SR},
       adsurl = {https://ui.adsabs.harvard.edu/abs/2017ApJ...836..200G},
      adsnote = {Provided by the SAO/NASA Astrophysics Data System}
}

@ARTICLE{UNWISE,
       author = {{Lang}, Dustin and {Hogg}, David W. and {Schlegel}, David J.},
        title = "{WISE Photometry for 400 Million SDSS Sources}",
      journal = {\aj},
     keywords = {catalogs, methods: data analysis, surveys, techniques: image processing},
         year = "2016",
        month = "Feb",
       volume = {151},
       number = {2},
          eid = {36},
        pages = {36},
          doi = {10.3847/0004-6256/151/2/36},
       adsurl = {https://ui.adsabs.harvard.edu/abs/2016AJ....151...36L},
      adsnote = {Provided by the SAO/NASA Astrophysics Data System}
}

@ARTICLE{DFMGP,
       author = {{Foreman-Mackey}, Daniel and {Agol}, Eric and {Ambikasaran}, Sivaram and
         {Angus}, Ruth},
        title = "{Fast and Scalable Gaussian Process Modeling with Applications to Astronomical Time Series}",
      journal = {\aj},
     keywords = {asteroseismology, methods: data analysis, methods: statistical, planetary systems, stars: rotation, Astrophysics - Instrumentation and Methods for Astrophysics, Astrophysics - Earth and Planetary Astrophysics, Astrophysics - Solar and Stellar Astrophysics, Physics - Data Analysis, Statistics and Probability, Statistics - Applications},
         year = "2017",
        month = "Dec",
       volume = {154},
       number = {6},
          eid = {220},
        pages = {220},
          doi = {10.3847/1538-3881/aa9332},
archivePrefix = {arXiv},
       eprint = {1703.09710},
 primaryClass = {astro-ph.IM},
       adsurl = {https://ui.adsabs.harvard.edu/abs/2017AJ....154..220F},
      adsnote = {Provided by the SAO/NASA Astrophysics Data System}
}

@INPROCEEDINGS{doppler,
       author = {{Kochukhov}, Oleg and {Rivinius}, Thomas and {Oksala}, Mary E. and
         {Romanyuk}, Iosif},
        title = "{Magnetic Doppler imaging of early-type stars}",
     keywords = {polarization, stars: chemically peculiar, stars: magnetic fields, stars: atmospheres, stars: individual (HR 7355, {\ensuremath{\sigma}}Ori E, HD 37776)},
    booktitle = {Active OB Stars: Structure, Evolution, Mass Loss, and Critical Limits},
         year = "2011",
       editor = {{Neiner}, Coralie and {Wade}, Gregg and {Meynet}, Georges and
         {Peters}, Geraldine},
       series = {IAU Symposium},
       volume = {272},
        month = "Jul",
        pages = {166-171},
          doi = {10.1017/S1743921311010192},
       adsurl = {https://ui.adsabs.harvard.edu/abs/2011IAUS..272..166K},
      adsnote = {Provided by the SAO/NASA Astrophysics Data System}
}

@ARTICLE{HMF,
       author = {{Tsalmantza}, P. and {Hogg}, David W.},
        title = "{A Data-driven Model for Spectra: Finding Double Redshifts in the Sloan Digital Sky Survey}",
      journal = {\apj},
     keywords = {black hole physics, cosmology: observations, gravitational lensing: strong, methods: data analysis, methods: statistical, techniques: spectroscopic, Astrophysics - Cosmology and Nongalactic Astrophysics, Astrophysics - Instrumentation and Methods for Astrophysics},
         year = "2012",
        month = "Jul",
       volume = {753},
       number = {2},
          eid = {122},
        pages = {122},
          doi = {10.1088/0004-637X/753/2/122},
archivePrefix = {arXiv},
       eprint = {1201.3370},
 primaryClass = {astro-ph.CO},
       adsurl = {https://ui.adsabs.harvard.edu/abs/2012ApJ...753..122T},
      adsnote = {Provided by the SAO/NASA Astrophysics Data System}
}

@ARTICLE{Milbourne2019,
       author = {{Milbourne}, T.~W. and others},
        title = "{HARPS-N Solar RVs Are Dominated by Large, Bright Magnetic Regions}",
      journal = {\apj},
     keywords = {planets and satellites: detection, Sun: activity, Sun: faculae, plages, Sun: granulation, sunspots, techniques: radial velocities, Astrophysics - Solar and Stellar Astrophysics},
         year = "2019",
        month = "Mar",
       volume = {874},
       number = {1},
          eid = {107},
        pages = {107},
          doi = {10.3847/1538-4357/ab064a},
archivePrefix = {arXiv},
       eprint = {1902.04184},
 primaryClass = {astro-ph.SR},
       adsurl = {https://ui.adsabs.harvard.edu/abs/2019ApJ...874..107M},
      adsnote = {Provided by the SAO/NASA Astrophysics Data System}
}

@ARTICLE{Wright2017,
       author = {{Wright}, Jason T. and {Robertson}, Paul},
        title = "{The Third Workshop on Extremely Precise Radial Velocities: The New Instruments}",
      journal = {Research Notes of the American Astronomical Society},
     keywords = {Astrophysics - Instrumentation and Methods for Astrophysics},
         year = "2017",
        month = "Dec",
       volume = {1},
          eid = {51},
        pages = {51},
          doi = {10.3847/2515-5172/aaa12e},
archivePrefix = {arXiv},
       eprint = {1801.05383},
 primaryClass = {astro-ph.IM},
       adsurl = {https://ui.adsabs.harvard.edu/abs/2017RNAAS...1a..51W},
      adsnote = {Provided by the SAO/NASA Astrophysics Data System}
}

@ARTICLE{Aigrain,
       author = {{Aigrain}, S. and {Pont}, F. and {Zucker}, S.},
        title = "{A simple method to estimate radial velocity variations due to stellar activity using photometry}",
      journal = {\mnras},
     keywords = {methods: data analysis, techniques: photometric, techniques: radial velocities, Sun: activity, planetary systems, stars: individual: HD 189733, Astrophysics - Solar and Stellar Astrophysics},
         year = "2012",
        month = "Feb",
       volume = {419},
       number = {4},
        pages = {3147-3158},
          doi = {10.1111/j.1365-2966.2011.19960.x},
archivePrefix = {arXiv},
       eprint = {1110.1034},
 primaryClass = {astro-ph.SR},
       adsurl = {https://ui.adsabs.harvard.edu/abs/2012MNRAS.419.3147A},
      adsnote = {Provided by the SAO/NASA Astrophysics Data System}
}

@ARTICLE{froe,
       author = {{Zechmeister}, M. and {Anglada-Escud{\'e}}, G. and {Reiners}, A.},
        title = "{Flat-relative optimal extraction. A quick and efficient algorithm for stabilised spectrographs}",
      journal = {\aap},
     keywords = {instrumentation: spectrographs, methods: data analysis, techniques: image processing, techniques: radial velocities, Astrophysics - Instrumentation and Methods for Astrophysics, Astrophysics - Earth and Planetary Astrophysics, Astrophysics - Solar and Stellar Astrophysics},
         year = 2014,
        month = jan,
       volume = {561},
          eid = {A59},
        pages = {A59},
          doi = {10.1051/0004-6361/201322746},
archivePrefix = {arXiv},
       eprint = {1311.5263},
 primaryClass = {astro-ph.IM},
       adsurl = {https://ui.adsabs.harvard.edu/abs/2014A&A...561A..59Z},
      adsnote = {Provided by the SAO/NASA Astrophysics Data System}
}

@ARTICLE{sp,
       author = {{Bolton}, Adam S. and {Schlegel}, David J.},
        title = "{Spectro-Perfectionism: An Algorithmic Framework for Photon Noise-Limited Extraction of Optical Fiber Spectroscopy}",
      journal = {\pasp},
     keywords = {Astrophysics - Instrumentation and Methods for Astrophysics, Astrophysics - Cosmology and Nongalactic Astrophysics},
         year = 2010,
        month = feb,
       volume = {122},
       number = {888},
        pages = {248},
          doi = {10.1086/651008},
archivePrefix = {arXiv},
       eprint = {0911.2689},
 primaryClass = {astro-ph.IM},
       adsurl = {https://ui.adsabs.harvard.edu/abs/2010PASP..122..248B},
      adsnote = {Provided by the SAO/NASA Astrophysics Data System}
}

@ARTICLE{mayor,
       author = {{Mayor}, Michel and {Queloz}, Didier},
        title = "{A Jupiter-mass companion to a solar-type star}",
      journal = {Nature},
         year = 1995,
        month = nov,
       volume = {378},
       number = {6555},
        pages = {355-359},
          doi = {10.1038/378355a0},
       adsurl = {https://ui.adsabs.harvard.edu/abs/1995Natur.378..355M},
      adsnote = {Provided by the SAO/NASA Astrophysics Data System}
}

@INPROCEEDINGS{expres,
       author = {{Jurgenson}, C. and {Fischer}, D. and {McCracken}, T. and {Sawyer}, D. and {Szymkowiak}, A. and {Davis}, A. and {Muller}, G. and {Santoro}, F.},
        title = "{EXPRES: a next generation RV spectrograph in the search for earth-like worlds}",
     keywords = {Astrophysics - Instrumentation and Methods for Astrophysics},
    booktitle = {Ground-based and Airborne Instrumentation for Astronomy VI},
         year = 2016,
       editor = {{Evans}, Christopher J. and {Simard}, Luc and {Takami}, Hideki},
       series = {Society of Photo-Optical Instrumentation Engineers (SPIE) Conference Series},
       volume = {9908},
        month = aug,
          eid = {99086T},
        pages = {99086T},
          doi = {10.1117/12.2233002},
archivePrefix = {arXiv},
       eprint = {1606.04413},
 primaryClass = {astro-ph.IM},
       adsurl = {https://ui.adsabs.harvard.edu/abs/2016SPIE.9908E..6TJ},
      adsnote = {Provided by the SAO/NASA Astrophysics Data System}
}

@ARTICLE{clean,
       author = {{H{\"o}gbom}, J.~A.},
        title = "{Aperture Synthesis with a Non-Regular Distribution of Interferometer Baselines}",
      journal = {\aaps},
         year = 1974,
        month = jun,
       volume = {15},
        pages = {417},
       adsurl = {https://ui.adsabs.harvard.edu/abs/1974A&AS...15..417H},
      adsnote = {Provided by the SAO/NASA Astrophysics Data System}
}

@ARTICLE{chaplin,
       author = {{Chaplin}, W.~J. and {Cegla}, H.~M. and {Watson}, C.~A. and {Davies}, G.~R. and {Ball}, W.~H.},
        title = "{Filtering Solar-Like Oscillations for Exoplanet Detection in Radial Velocity Observations}",
      journal = {\aj},
     keywords = {planets and satellites: detection, stars: low-mass, stars: oscillations, Astrophysics - Solar and Stellar Astrophysics, Astrophysics - Earth and Planetary Astrophysics},
         year = 2019,
        month = apr,
       volume = {157},
       number = {4},
          eid = {163},
        pages = {163},
          doi = {10.3847/1538-3881/ab0c01},
archivePrefix = {arXiv},
       eprint = {1903.00657},
 primaryClass = {astro-ph.SR},
       adsurl = {https://ui.adsabs.harvard.edu/abs/2019AJ....157..163C},
      adsnote = {Provided by the SAO/NASA Astrophysics Data System}
}

@INPROCEEDINGS{Halverson,
       author = {{Halverson}, Samuel and others},
        title = "{A comprehensive radial velocity error budget for next generation Doppler spectrometers}",
     keywords = {Astrophysics - Instrumentation and Methods for Astrophysics, Astrophysics - Earth and Planetary Astrophysics},
    booktitle = {Ground-based and Airborne Instrumentation for Astronomy VI},
         year = 2016,
       editor = {{Evans}, Christopher J. and {Simard}, Luc and {Takami}, Hideki},
       series = {Society of Photo-Optical Instrumentation Engineers (SPIE) Conference Series},
       volume = {9908},
        month = aug,
          eid = {99086P},
        pages = {99086P},
          doi = {10.1117/12.2232761},
archivePrefix = {arXiv},
       eprint = {1607.05634},
 primaryClass = {astro-ph.IM},
       adsurl = {https://ui.adsabs.harvard.edu/abs/2016SPIE.9908E..6PH},
      adsnote = {Provided by the SAO/NASA Astrophysics Data System}
}

@software{jax,
  author = {James Bradbury and Roy Frostig and Peter Hawkins and Matthew James Johnson and Chris Leary and Dougal Maclaurin and George Necula and Adam Paszke and Jake Vander{P}las and Skye Wanderman-{M}ilne and Qiao Zhang},
  title = {{JAX}: composable transformations of {P}ython+{N}um{P}y programs},
  url = {http://github.com/google/jax},
  version = {0.2.5},
  year = {2018},
}

@ARTICLE{excalibur,
       author = {{Zhao}, Lily L. and {Hogg}, David W. and {Bedell}, Megan and {Fischer}, Debra A.},
        title = "{Excalibur: A Nonparametric, Hierarchical Wavelength Calibration Method for a Precision Spectrograph}",
      journal = {\aj},
     keywords = {Exoplanet detection methods, Radial velocity, Astronomical techniques, Astronomical instrumentation, Spectrometers, Computational methods, 489, 1332, 1684, 799, 1554, 1965, Astrophysics - Instrumentation and Methods for Astrophysics, Astrophysics - Earth and Planetary Astrophysics},
         year = 2021,
        month = feb,
       volume = {161},
       number = {2},
          eid = {80},
        pages = {80},
          doi = {10.3847/1538-3881/abd105},
archivePrefix = {arXiv},
       eprint = {2010.13786},
 primaryClass = {astro-ph.IM},
       adsurl = {https://ui.adsabs.harvard.edu/abs/2021AJ....161...80Z},
      adsnote = {Provided by the SAO/NASA Astrophysics Data System}
}

@ARTICLE{emcee,
       author = {{Foreman-Mackey}, Daniel and {Hogg}, David W. and {Lang}, Dustin and {Goodman}, Jonathan},
        title = "{emcee: The MCMC Hammer}",
      journal = {\pasp},
     keywords = {Astrophysics - Instrumentation and Methods for Astrophysics, Physics - Computational Physics, Statistics - Computation},
         year = 2013,
        month = mar,
       volume = {125},
       number = {925},
        pages = {306},
          doi = {10.1086/670067},
archivePrefix = {arXiv},
       eprint = {1202.3665},
 primaryClass = {astro-ph.IM},
       adsurl = {https://ui.adsabs.harvard.edu/abs/2013PASP..125..306F},
      adsnote = {Provided by the SAO/NASA Astrophysics Data System}
}

@article{HARPSTERRA2012,
  doi = {10.1088/0067-0049/200/2/15},
  url = {https://doi.org/10.1088/0067-0049/200/2/15},
  year = {2012},
  month = may,
  publisher = {American Astronomical Society},
  volume = {200},
  number = {2},
  pages = {15},
  author = {Guillem Anglada-Escud{\'{e}} and R. Paul Butler},
  title = {{THE} {HARPS}-{TERRA} {PROJECT}. I. {DESCRIPTION} {OF} {THE} {ALGORITHMS},  {PERFORMANCE},  {AND} {NEW} {MEASUREMENTS} {ON} A {FEW} {REMARKABLE} {STARS} {OBSERVED} {BY} {HARPS}},
  journal = {\apjs}
}

@article{EXPRES2,
  doi = {10.3847/1538-3881/ab811d},
  url = {https://doi.org/10.3847/1538-3881/ab811d},
  year = {2020},
  month = apr,
  publisher = {American Astronomical Society},
  volume = {159},
  number = {5},
  pages = {238},
  author = {Ryan T. Blackman and Debra A. Fischer and Colby A. Jurgenson and David Sawyer and Tyler M. McCracken and Andrew E. Szymkowiak and Ryan R. Petersburg and J. M. Joel Ong and John M. Brewer and Lily L. Zhao and Christopher Leet and Lars A. Buchhave and Ren{\'{e}} Tronsgaard and Joe Llama and Travis Sawyer and Allen B. Davis and Samuel H. C. Cabot and Michael Shao and Russell Trahan and Bijan Nemati and Matteo Genoni and Giorgio Pariani and Marco Riva and Paul Fournier and Rafal Pawluczyk},
  title = {Performance Verification of the {EXtreme} {PREcision} Spectrograph},
  journal = {\aj}
}

@INPROCEEDINGS{harps,
       author = {{Rupprecht}, Gero and others},
        title = "{The exoplanet hunter HARPS: performance and first results}",
    booktitle = {Ground-based Instrumentation for Astronomy},
         year = 2004,
       editor = {{Moorwood}, Alan F.~M. and {Iye}, Masanori},
       series = {Society of Photo-Optical Instrumentation Engineers (SPIE) Conference Series},
       volume = {5492},
        month = sep,
        pages = {148-159},
          doi = {10.1117/12.551267},
       adsurl = {https://ui.adsabs.harvard.edu/abs/2004SPIE.5492..148R},
      adsnote = {Provided by the SAO/NASA Astrophysics Data System}
}

@inproceedings{telluricPCA,
  doi = {10.1117/12.2056385},
  url = {https://doi.org/10.1117/12.2056385},
  year = {2014},
  month = jul,
  publisher = {{SPIE}},
  author = {{\'{E}}tienne Artigau and Nicola Astudillo-Defru and Xavier Delfosse and Fran{\c{c}}ois Bouchy and Xavier Bonfils and Christophe Lovis and Francesco Pepe and Claire Moutou and Jean-Fran{\c{c}}ois Donati and Ren{\'{e}} Doyon and Lison Malo},
  editor = {Alison B. Peck and Chris R. Benn and Robert L. Seaman},
  title = {Telluric-line subtraction in high-accuracy velocimetry: a {PCA}-based approach},
  booktitle = {{SPIE} Proceedings}
}

@article{bernardRV,
  doi = {10.3847/1538-3881/aab77d},
  url = {https://doi.org/10.3847/1538-3881/aab77d},
  year = {2018},
  month = apr,
  publisher = {American Astronomical Society},
  volume = {155},
  number = {5},
  pages = {198},
  author = {{\'{E}}tienne Artigau and Lison Malo and Ren{\'{e}} Doyon and Pedro Figueira and Xavier Delfosse and Nicola Astudillo-Defru},
  title = {Optical and Near-infrared Radial Velocity Content of M Dwarfs: Testing Models with Barnard's Star},
  journal = {\aj}
}

@article{coravel,
  doi = {10.1016/0083-6656(79)90016-3},
  url = {https://doi.org/10.1016/0083-6656(79)90016-3},
  year = {1979},
  month = jan,
  publisher = {Elsevier {BV}},
  volume = {23},
  pages = {279--316},
  author = {A. Baranne and M. Mayor and J.L. Poncet},
  title = {Coravel{\textemdash} A new tool for radial velocity measurements},
  journal = {Vistas in Astronomy}
}

@article{stellaractiveRV,
  doi = {10.1051/0004-6361/201833795},
  url = {https://doi.org/10.1051/0004-6361/201833795},
  year = {2018},
  month = nov,
  publisher = {{EDP} Sciences},
  volume = {620},
  pages = {A47},
  author = {X. Dumusque},
  title = {Measuring precise radial velocities on individual spectral lines},
  journal = {\aap}
}

@article{mdwarfRV,
  doi = {10.1051/0004-6361/201526900},
  url = {https://doi.org/10.1051/0004-6361/201526900},
  year = {2016},
  month = feb,
  publisher = {{EDP} Sciences},
  volume = {586},
  pages = {A101},
  author = {P. Figueira and V. Zh. Adibekyan and M. Oshagh and J. J. Neal and B. Rojas-Ayala and C. Lovis and C. Melo and F. Pepe and N. C. Santos and M. Tsantaki},
  title = {Radial velocity information content of M dwarf spectra in the near-infrared},
  journal = {\aap}
}

@article{iodinecellNIRRV,
  doi = {10.1088/1538-3873/128/968/104501},
  url = {https://doi.org/10.1088/1538-3873/128/968/104501},
  year = {2016},
  month = aug,
  publisher = {{IOP} Publishing},
  volume = {128},
  number = {968},
  pages = {104501},
  author = {Peter Gao and Plavchan P. and Gagn{\'{e}} J. and Furlan E. and Bottom M. and Anglada-Escud{\'{e}} G. and White R. and Davison C. L. and Beichman C. and Brinkworth C. and Johnson J. and Ciardi D. and Wallace K. and Mennesson B. and von Braun K. and Vasisht G. and Prato L. and Kane S. R. and Tanner A. and Crawford T. J. and Latham D. and Rougeot R. and Geneser C. S. and Catanzarite J.},
  title = {Retrieval of Precise Radial Velocities from Near-infrared High-resolution Spectra of Low-mass Stars},
  journal = {\pasp}
}

@article{HITRAN,
  doi = {10.1016/j.jqsrt.2017.06.038},
  url = {https://doi.org/10.1016/j.jqsrt.2017.06.038},
  year = {2017},
  month = dec,
  publisher = {Elsevier {BV}},
  volume = {203},
  pages = {3--69},
  author = {I.E. Gordon and L.S. Rothman and C. Hill and R.V. Kochanov and Y. Tan and P.F. Bernath and M. Birk and V. Boudon and A. Campargue and K.V. Chance and B.J. Drouin and J.-M. Flaud and R.R. Gamache and J.T. Hodges and D. Jacquemart and V.I. Perevalov and A. Perrin and K.P. Shine and M.-A.H. Smith and J. Tennyson and G.C. Toon and H. Tran and V.G. Tyuterev and A. Barbe and A.G. Cs{\'{a}}sz{\'{a}}r and V.M. Devi and T. Furtenbacher and J.J. Harrison and J.-M. Hartmann and A. Jolly and T.J. Johnson and T. Karman and I. Kleiner and A.A. Kyuberis and J. Loos and O.M. Lyulin and S.T. Massie and S.N. Mikhailenko and N. Moazzen-Ahmadi and H.S.P. M\"{u}ller and O.V. Naumenko and A.V. Nikitin and O.L. Polyansky and M. Rey and M. Rotger and S.W. Sharpe and K. Sung and E. Starikova and S.A. Tashkun and J. Vander Auwera and G. Wagner and J. Wilzewski and P. Wcis{\l}o and S. Yu and E.J. Zak},
  title = {The {HITRAN}2016 molecular spectroscopic database},
  journal = {Journal of Quantitative Spectroscopy and Radiative Transfer}
}

@article{iodinecellSubaru,
  doi = {10.1093/pasj/54.6.873},
  url = {https://doi.org/10.1093/pasj/54.6.873},
  year = {2002},
  month = dec,
  publisher = {Oxford University Press ({OUP})},
  volume = {54},
  number = {6},
  pages = {873--882},
  author = {Bun'ei Sato and Eiji Kambe and Yoichi Takeda and Hideyuki Izumiura and Hiroyasu Ando},
  title = {Development of Iodine Cells for the Subaru {HDS} and the Okayama {HIDES}: {II}. New Software for Precise Radial Velocity Measurements},
  journal = {\pasj}
}

@article{barycencorrection,
  doi = {10.1086/678541},
  url = {https://doi.org/10.1086/678541},
  year = {2014},
  month = sep,
  publisher = {{IOP} Publishing},
  volume = {126},
  number = {943},
  pages = {838--852},
  author = {J. T. Wright and J. D. Eastman},
  title = {Barycentric Corrections at 1~cm~s$\less$sup$\greater$-1$\less$/sup$\greater$for Precise Doppler Velocities},
  journal = {\pasp}
}

@misc{nnstellaractivity,
Author = {Zoe L. de Beurs and others},
Title = {Identifying Exoplanets with Deep Learning. IV. Removing Stellar Activity Signals from Radial Velocity Measurements Using Neural Networks},
Year = {2020},
Eprint = {arXiv:2011.00003},
}

@ARTICLE{elodie,
       author = {{Baranne}, A. and {Queloz}, D. and {Mayor}, M. and {Adrianzyk}, G. and {Knispel}, G. and {Kohler}, D. and {Lacroix}, D. and {Meunier}, J. -P. and {Rimbaud}, G. and {Vin}, A.},
        title = "{ELODIE: A spectrograph for accurate radial velocity measurements.}",
      journal = {\aaps},
     keywords = {INSTRUMENTATION: SPECTROGRAPHS, METHODS: DATA ANALYSIS, TECHNIQUES: SPECTROSCOPIC, RADIAL VELOCITIES},
         year = 1996,
        month = oct,
       volume = {119},
        pages = {373-390},
       adsurl = {https://ui.adsabs.harvard.edu/abs/1996A&AS..119..373B},
      adsnote = {Provided by the SAO/NASA Astrophysics Data System}
}

